
@article{Lambek:1980,
        Author = {Joachim Lambek},
	Journal = {To H. B. Curry: Essays on Combinatory Logic, Lambda Calculus and Formalism},
        Editor = {J. P. Seldin and J. R. Hindley},        
	Pages = {376-402},
	Publisher = {Academic Press},        
	Title = {From lambda calculus to Cartesian closed categories},
	Year = {1980}}

@inproceedings{Scott:1980,
	Author = {Dana Scott},
	Booktitle = {To H.B. Curry: Essays on Combinatory Logic, Lambda-Calculus and Formalism (eds. Hindley and Seldin)},
	Pages = {403-450},
	Publisher = {Academic Press},
	Title = {Relating Theories of the lambda-Calculus},
	Year = {1980}}

@inproceedings{Siek:2006,
	Author = {Siek, Jeremy G and Taha, Walid},
	Booktitle = {Scheme and Functional Programming Workshop},
	Pages = {81--92},
	Title = {Gradual typing for functional languages},
	Volume = {6},
	Year = {2006},
        Series="1"}

@book{Girard:1989,
	Author = {Girard, Jean-Yves and Lafont, Yves and Taylor, Paul},
	Month = {April},
	Publisher = {{Cambridge University Press}},
	Title = {Proofs and Types (Cambridge Tracts in Theoretical Computer Science)},
	Year = {1989}}


@article{Howard:1980,
	Author = {W. A. Howard},
	Title = {The Formulae-as-Types Notion of Construction},
	Editor = {J. P. Seldin and J. R. Hindley},
	Pages = {479-490},
	Publisher = {Academic Press, NY},
	Journal = {To H. B. Curry: Essays on Combznatory Logic, Lambda-Calculus, and Formalism},
	Year = {1980}}

@book{Crole:1994,
  place={Cambridge},
  title={Categories for Types},
  ISBN={9781139172707},
  DOI={10.1017/CBO9781139172707},
  publisher={Cambridge University Press},
  author={Crole, Roy L.},
  year={1994},
  month={Jan}}


@inproceedings{Siek:2015,
	Address = {Dagstuhl, Germany},
	Author = {Jeremy G. Siek and Michael M. Vitousek and Matteo Cimini and John Tang Boyland},
	Booktitle = {1st Summit on Advances in Programming Languages (SNAPL 2015)},
	Editor = {Thomas Ball and Rastislav Bodik and Shriram Krishnamurthi and Benjamin S. Lerner and Greg Morrisett},
	Pages = {274--293},
	Publisher = {Schloss Dagstuhl--Leibniz-Zentrum fuer Informatik},
	Series = "Leibniz International Proceedings in Informatics (LIPIcs)",
	Title = {{Refined Criteria for Gradual Typing}},
	Volume = {32},
	Year = {2015}}

@article{Henglein:1994,
	Author = {Fritz Henglein},
	Journal = {Science of Computer Programming},
	Number = {3},
	Pages = {197 - 230},
	Title = {Dynamic typing: syntax and proof theory},
	Volume = {22},
	Year = {1994}}

@inproceedings{Abadi:1989,
	Address = {New York, NY, USA},
	Author = {Abadi, M. and Cardelli, L. and Pierce, B. and Plotkin, G.},
	Booktitle = {Proceedings of the 16th ACM SIGPLAN-SIGACT Symposium on Principles of Programming Languages},
	Pages = {213--227},
	Publisher = {ACM},
	Series = {POPL '89},
	Title = {Dynamic Typing in a Statically-typed Language},
	Year = {1989}}


@inproceedings{Garcia:2016,
	Address = {New York, NY, USA},
	Author = {Garcia, Ronald and Clark, Alison M. and Tanter, \'{E}ric},
	Booktitle = {Proceedings of the 43rd Annual ACM SIGPLAN-SIGACT Symposium on Principles of Programming Languages},
	Pages = {429--442},
	Publisher = {ACM},
	Series = {POPL '16},
	Title = {Abstracting Gradual Typing},
	Year = {2016}}

@article{Brookes:2013,
	Author = {Stephen Brookes and Peter W. O'Hearn and Uday Reddy},
	Journal = {POPL '14},
	Month = {January},
	Title = {The Essence of Reynolds},
	Year = {2014}}

@book{hottbook,
	Address = {Institute for Advanced Study},
	Author = {The {Univalent Foundations Program}},
	Publisher = {\url{https://homotopytypetheory.org/book}},
	Title = {Homotopy Type Theory: Univalent Foundations of Mathematics},
	Year = 2013}


@article{Moggi:1989,
	Author = {Eugenio Moggi},
	Journal = {Information and Computation},
	Pages = {55--92},
	Title = {Notions of Computation and Monads},
	Volume = {93},
	Year = {1989}}


@inbook{Wadler:1995,
	Address = {Berlin, Heidelberg},
	Author = {Wadler, Philip},
	Editor = {Jeuring, Johan and Meijer, Erik},
	Pages = {24--52},
	Publisher = {Springer Berlin Heidelberg},
	Title = {Monads for functional programming},
	Year = {1995}}

@book{Lambek:1988,
	Author = {Lambek, J. and Scott, P.J.},
	Publisher = {Cambridge University Press},
	Series = {Cambridge Studies in Advanced Mathematics},
	Title = {Introduction to Higher-Order Categorical Logic},
	Year = {1988}}

@inproceedings{Henglein:1995,
 author = {Henglein, Fritz and Rehof, Jakob},
 title = {Safe Polymorphic Type Inference for a Dynamically Typed Language: Translating Scheme to ML},
 booktitle = {Proceedings of the Seventh International Conference on Functional Programming Languages and Computer Architecture},
 series = {FPCA '95},
 year = {1995},
 isbn = {0-89791-719-7},
 location = {La Jolla, California, USA},
 pages = {192--203},
 numpages = {12},
 url = {http://doi.acm.org/10.1145/224164.224203},
 doi = {10.1145/224164.224203},
 acmid = {224203},
 publisher = {ACM},
 address = {New York, NY, USA},
}

@mastersthesis{Rehof:1995,
	Address = {Universitetsparken 1 DK-2100 Copenhagen {\O}, Denmark},
	Author = {Jacob Rehof},
	Month = {August},
	School = {DIKU, Department of Computer Science University of Copenhagen},
	Title = {Polymorphic Dynamic Typing},
	Type = {masters thesis},
	Year = {1995}}

@inproceedings{Lehmann:2017,
 author = {Lehmann, Nico and Tanter, \'{E}ric},
 title = {Gradual Refinement Types},
 booktitle = {Proceedings of the 44th ACM SIGPLAN Symposium on Principles of Programming Languages},
 series = {POPL 2017},
 year = {2017},
 isbn = {978-1-4503-4660-3},
 location = {Paris, France},
 pages = {775--788},
 numpages = {14},
 url = {http://doi.acm.org/10.1145/3009837.3009856},
 doi = {10.1145/3009837.3009856},
 acmid = {3009856},
 publisher = {ACM},
 address = {New York, NY, USA},
 keywords = {abstract interpretation, gradual typing, refinement types},
}

@inbook{Siek:2007,
	Address = {Berlin, Heidelberg},
	Author = {Siek, Jeremy and Taha, Walid},
	Editor = {Ernst, Erik},
	Pages = {2--27},
	Publisher = {Springer Berlin Heidelberg},
	Title = {Gradual Typing for Objects},
	Year = {2007}}

@inproceedings{Ahmed:2011:BLA:1926385.1926409,
 author = {Ahmed, Amal and Findler, Robert Bruce and Siek, Jeremy G. and Wadler, Philip},
 title = {Blame for All},
 booktitle = {Proceedings of the 38th Annual ACM SIGPLAN-SIGACT Symposium on Principles of Programming Languages},
 series = {POPL '11},
 year = {2011},
 isbn = {978-1-4503-0490-0},
 location = {Austin, Texas, USA},
 pages = {201--214},
 numpages = {14},
 url = {http://doi.acm.org/10.1145/1926385.1926409},
 doi = {10.1145/1926385.1926409},
 acmid = {1926409},
 publisher = {ACM},
 address = {New York, NY, USA},
 keywords = {blame tracking, casts, coercions, lambda-calculus},
}

@inproceedings{Matthews:2008:PPT:1792878.1792881,
 author = {Matthews, Jacob and Ahmed, Amal},
 title = {Parametric Polymorphism Through Run-time Sealing or, Theorems for Low, Low Prices!},
 booktitle = {Proceedings of the Theory and Practice of Software, 17th European Conference on Programming Languages and Systems},
 series = {ESOP'08/ETAPS'08},
 year = {2008},
 isbn = {3-540-78738-0, 978-3-540-78738-9},
 location = {Budapest, Hungary},
 pages = {16--31},
 numpages = {16},
 url = {http://dl.acm.org/citation.cfm?id=1792878.1792881},
 acmid = {1792881},
 publisher = {Springer-Verlag},
 address = {Berlin, Heidelberg},
} 

@book{Pierce:2002:TPL:509043,
 author = {Pierce, Benjamin C.},
 title = {Types and Programming Languages},
 year = {2002},
 isbn = {0262162091, 9780262162098},
 edition = {1st},
 publisher = {The MIT Press},
} 