
@article{Lambek:1980,
        Author = {Joachim Lambek},
	Journal = {To H. B. Curry: Essays on Combinatory Logic, Lambda Calculus and Formalism},
        Editor = {J. P. Seldin and J. R. Hindley},        
	Pages = {376-402},
	Publisher = {Academic Press},        
	Title = {From lambda calculus to Cartesian closed categories},
	Year = {1980}}

@inproceedings{Scott:1980,
	Author = {Dana Scott},
	Booktitle = {To H.B. Curry: Essays on Combinatory Logic, Lambda-Calculus and Formalism (eds. Hindley and Seldin)},
	Pages = {403-450},
	Publisher = {Academic Press},
	Title = {Relating Theories of the lambda-Calculus},
	Year = {1980}}

@inproceedings{Siek:2006,
	Author = {Siek, Jeremy G and Taha, Walid},
	Booktitle = {Scheme and Functional Programming Workshop},
	Pages = {81--92},
	Title = {Gradual typing for functional languages},
	Volume = {6},
	Year = {2006},
        Series="1"}

@book{Girard:1989,
	Author = {Girard, Jean-Yves and Lafont, Yves and Taylor, Paul},
	Month = {April},
	Publisher = {{Cambridge University Press}},
	Title = {Proofs and Types (Cambridge Tracts in Theoretical Computer Science)},
	Year = {1989}}


@article{Howard:1980,
	Author = {W. A. Howard},
	Title = {The Formulae-as-Types Notion of Construction},
	Editor = {J. P. Seldin and J. R. Hindley},
	Pages = {479-490},
	Publisher = {Academic Press, NY},
	Journal = {To H. B. Curry: Essays on Combznatory Logic, Lambda-Calculus, and Formalism},
	Year = {1980}}

@book{Crole:1994,
  place={Cambridge},
  title={Categories for Types},
  ISBN={9781139172707},
  DOI={10.1017/CBO9781139172707},
  publisher={Cambridge University Press},
  author={Crole, Roy L.},
  year={1994},
  month={Jan}}


@inproceedings{Siek:2015,
	Address = {Dagstuhl, Germany},
	Author = {Jeremy G. Siek and Michael M. Vitousek and Matteo Cimini and John Tang Boyland},
	Booktitle = {1st Summit on Advances in Programming Languages (SNAPL 2015)},
	Editor = {Thomas Ball and Rastislav Bodik and Shriram Krishnamurthi and Benjamin S. Lerner and Greg Morrisett},
	Pages = {274--293},
	Publisher = {Schloss Dagstuhl--Leibniz-Zentrum fuer Informatik},
	Series = "Leibniz International Proceedings in Informatics (LIPIcs)",
	Title = {{Refined Criteria for Gradual Typing}},
	Volume = {32},
	Year = {2015}}
