
@article{Lambek:1980,
        Author = {Joachim Lambek},
	Journal = {To H. B. Curry: Essays on Combinatory Logic, Lambda Calculus and Formalism},
        Editor = {J. P. Seldin and J. R. Hindley},        
	Pages = {376-402},
	Publisher = {Academic Press},        
	Title = {From lambda calculus to Cartesian closed categories},
	Year = {1980}}

@inproceedings{Scott:1980,
	Author = {Dana Scott},
	Booktitle = {To H.B. Curry: Essays on Combinatory Logic, Lambda-Calculus and Formalism (eds. Hindley and Seldin)},
	Pages = {403-450},
	Publisher = {Academic Press},
	Title = {Relating Theories of the lambda-Calculus},
	Year = {1980}}

@inproceedings{Siek:2006,
	Author = {Siek, Jeremy G and Taha, Walid},
	Booktitle = {Scheme and Functional Programming Workshop},
	Pages = {81--92},
	Title = {Gradual typing for functional languages},
	Volume = {6},
	Year = {2006},
        Series="1"}

@book{Girard:1989,
	Author = {Girard, Jean-Yves and Lafont, Yves and Taylor, Paul},
	Month = {April},
	Publisher = {{Cambridge University Press}},
	Title = {Proofs and Types (Cambridge Tracts in Theoretical Computer Science)},
	Year = {1989}}


@article{Howard:1980,
	Author = {W. A. Howard},
	Title = {The Formulae-as-Types Notion of Construction},
	Editor = {J. P. Seldin and J. R. Hindley},
	Pages = {479-490},
	Publisher = {Academic Press, NY},
	Journal = {To H. B. Curry: Essays on Combznatory Logic, Lambda-Calculus, and Formalism},
	Year = {1980}}

@book{Crole:1994,
  place={Cambridge},
  title={Categories for Types},
  ISBN={9781139172707},
  DOI={10.1017/CBO9781139172707},
  publisher={Cambridge University Press},
  author={Crole, Roy L.},
  year={1994},
  month={Jan}}


@inproceedings{Siek:2015,
	Address = {Dagstuhl, Germany},
	Author = {Jeremy G. Siek and Michael M. Vitousek and Matteo Cimini and John Tang Boyland},
	Booktitle = {1st Summit on Advances in Programming Languages (SNAPL 2015)},
	Editor = {Thomas Ball and Rastislav Bodik and Shriram Krishnamurthi and Benjamin S. Lerner and Greg Morrisett},
	Pages = {274--293},
	Publisher = {Schloss Dagstuhl--Leibniz-Zentrum fuer Informatik},
	Series = "Leibniz International Proceedings in Informatics (LIPIcs)",
	Title = {{Refined Criteria for Gradual Typing}},
	Volume = {32},
	Year = {2015}}

@article{Henglein:1994,
	Author = {Fritz Henglein},
	Journal = {Science of Computer Programming},
	Number = {3},
	Pages = {197 - 230},
	Title = {Dynamic typing: syntax and proof theory},
	Volume = {22},
	Year = {1994}}

@inproceedings{Abadi:1989,
	Address = {New York, NY, USA},
	Author = {Abadi, M. and Cardelli, L. and Pierce, B. and Plotkin, G.},
	Booktitle = {Proceedings of the 16th ACM SIGPLAN-SIGACT Symposium on Principles of Programming Languages},
	Pages = {213--227},
	Publisher = {ACM},
	Series = {POPL '89},
	Title = {Dynamic Typing in a Statically-typed Language},
	Year = {1989}}


@inproceedings{Garcia:2016,
	Address = {New York, NY, USA},
	Author = {Garcia, Ronald and Clark, Alison M. and Tanter, \'{E}ric},
	Booktitle = {Proceedings of the 43rd Annual ACM SIGPLAN-SIGACT Symposium on Principles of Programming Languages},
	Pages = {429--442},
	Publisher = {ACM},
	Series = {POPL '16},
	Title = {Abstracting Gradual Typing},
	Year = {2016}}

@article{Brookes:2013,
	Author = {Stephen Brookes and Peter W. O'Hearn and Uday Reddy},
	Journal = {POPL '14},
	Month = {January},
	Title = {The Essence of Reynolds},
	Year = {2014}}

@book{hottbook,
	Address = {Institute for Advanced Study},
	Author = {The {Univalent Foundations Program}},
	Publisher = {\url{https://homotopytypetheory.org/book}},
	Title = {Homotopy Type Theory: Univalent Foundations of Mathematics},
	Year = 2013}


@article{Moggi:1989,
	Author = {Eugenio Moggi},
	Journal = {Information and Computation},
	Pages = {55--92},
	Title = {Notions of Computation and Monads},
	Volume = {93},
	Year = {1989}}


@Inbook{Wadler:1995,
author="Wadler, Philip",
editor="Jeuring, Johan
and Meijer, Erik",
title="Monads for functional programming",
bookTitle="Advanced Functional Programming: First International Spring School on Advanced Functional Programming Techniques B{\aa}stad, Sweden, May 24--30, 1995 Tutorial Text",
year="1995",
publisher="Springer Berlin Heidelberg",
address="Berlin, Heidelberg",
pages="24--52",
isbn="978-3-540-49270-2",
doi="10.1007/3-540-59451-5_2",
url="http://dx.doi.org/10.1007/3-540-59451-5_2"
}


@book{Lambek:1988,
	Author = {Lambek, J. and Scott, P.J.},
	Publisher = {Cambridge University Press},
	Series = {Cambridge Studies in Advanced Mathematics},
	Title = {Introduction to Higher-Order Categorical Logic},
	Year = {1988}}


@inproceedings{Sewell:2010,
	Author = {Peter Sewell and Francesco Zappa Nardelli and Scott Owens and Gilles Peskine and Thomas Ridge and Susmit Sarkar and Rok Strnisa},
	Booktitle = {Journal of Functional Programming},
        Series={JFP},
	Pages = {71-122},
	Title = {Ott: Effective tool support for the working semanticist},
	Volume = {20},
	Year = {2010}}

@article{Wadler:2015:PT:2847579.2699407,
 author = {Wadler, Philip},
 title = {Propositions As Types},
 journal = {Commun. ACM},
 issue_date = {December 2015},
 volume = {58},
 number = {12},
 month = nov,
 year = {2015},
 issn = {0001-0782},
 pages = {75--84},
 numpages = {10},
 url = {http://doi.acm.org/10.1145/2699407},
 doi = {10.1145/2699407},
 acmid = {2699407},
 publisher = {ACM},
 address = {New York, NY, USA},
}

@book{Pierce:2002:TPL:509043,
 author = {Pierce, Benjamin C.},
 title = {Types and Programming Languages},
 year = {2002},
 isbn = {0262162091, 9780262162098},
 edition = {1st},
 publisher = {The MIT Press},
}
                  
@inproceedings{Siek:2007,
 author = {Siek, Jeremy and Taha, Walid},
 title = {Gradual Typing for Objects},
 booktitle = {Proceedings of the 21st European Conference on ECOOP 2007: Object-Oriented Programming},
 series = {ECOOP '07},
 year = {2007},
 isbn = {978-3-540-73588-5},
 location = {Berlin, Germany},
 pages = {2--27},
 numpages = {26},
 url = {http://dx.doi.org/10.1007/978-3-540-73589-2_2},
 doi = {10.1007/978-3-540-73589-2_2},
 acmid = {1420964},
 publisher = {Springer-Verlag},
 address = {Berlin, Heidelberg},
}                   

@inproceedings{Lehmann:2017:GRT:3009837.3009856,
 author = {Lehmann, Nico and Tanter, \'{E}ric},
 title = {Gradual Refinement Types},
 booktitle = {Proceedings of the 44th ACM SIGPLAN Symposium on Principles of Programming Languages},
 series = {POPL 2017},
 year = {2017},
 isbn = {978-1-4503-4660-3},
 location = {Paris, France},
 pages = {775--788},
 numpages = {14},
 url = {http://doi.acm.org/10.1145/3009837.3009856},
 doi = {10.1145/3009837.3009856},
 acmid = {3009856},
 publisher = {ACM},
 address = {New York, NY, USA},
 keywords = {abstract interpretation, gradual typing, refinement types},
}

@article{Jafery:2017:SUR:3093333.3009865,
 author = {Jafery, Khurram A. and Dunfield, Joshua},
 title = {Sums of Uncertainty: Refinements Go Gradual},
 journal = {SIGPLAN Not.},
 issue_date = {January 2017},
 volume = {52},
 number = {1},
 month = jan,
 year = {2017},
 issn = {0362-1340},
 pages = {804--817},
 numpages = {14},
 url = {http://doi.acm.org/10.1145/3093333.3009865},
 doi = {10.1145/3093333.3009865},
 acmid = {3009865},
 publisher = {ACM},
 address = {New York, NY, USA},
 keywords = {gradual typing, refinement types},
}


@unpublished{Oliveira:2005,
	Author = {R. B. de Oliveira},
	Note = {\url{http://boo.codehaus.org}},
	Title = {The Boo programming language},
        Year = {2005}}


@article{Bres:2004,
	Author = {Y. Bres and B. P. Serpette and M. Serrano},
	Journal = {2nd International Workshop on .NET Technologies, Pilzen, Czech Republic },
	Month = {May},
	Title = {Compiling scheme programs to .NET common intermediate language},
	Year = {2004}}


@manual{Serrano:2002,
	Author = {M. Serrano},
	Month = {April},
	Organization = {Inria-Rocquencourt},
	Title = {Bigloo: a practical Scheme compiler},
	Year = {2002}}

@techreport{Chambers:2004,
	Author = {C. Chambers and the Cecil Group},
	Institution = {Department of Computer Science and Engineering, University of Washington, Seattle, Washington,},
	Title = {The Cecil language: Specification and rationale},
	Type = {Technical report},
	Year = {2004}}


@article{Meijer:2004,
	Author = {E. Meijer and P. Drayton},
	Journal = {OOPSLA'04 Workshop on Revival of Dynamic Languages},
	Title = {Static typing where possible, dynamic typing when needed: The end of the cold war between programming languages},
	Year = {2004}}

@article{Gray:2005:FIT:1103845.1094830,
 author = {Gray, Kathryn E. and Findler, Robert Bruce and Flatt, Matthew},
 title = {Fine-grained Interoperability Through Mirrors and Contracts},
 journal = {SIGPLAN Not.},
 issue_date = {October 2005},
 volume = {40},
 number = {10},
 month = oct,
 year = {2005},
 issn = {0362-1340},
 pages = {231--245},
 numpages = {15},
 url = {http://doi.acm.org/10.1145/1103845.1094830},
 doi = {10.1145/1103845.1094830},
 acmid = {1094830},
 publisher = {ACM},
 address = {New York, NY, USA},
 keywords = {Java, contracts, interoperability, mirrors, scheme},
}

@inproceedings{Reynolds:1995:UFC:199448.199452,
 author = {Reynolds, John C.},
 title = {Using Functor Categories to Generate Intermediate Code},
 booktitle = {Proceedings of the 22Nd ACM SIGPLAN-SIGACT Symposium on Principles of Programming Languages},
 series = {POPL '95},
 year = {1995},
 isbn = {0-89791-692-1},
 location = {San Francisco, California, USA},
 pages = {25--36},
 numpages = {12},
 url = {http://doi.acm.org/10.1145/199448.199452},
 doi = {10.1145/199448.199452},
 acmid = {199452},
 publisher = {ACM},
 address = {New York, NY, USA},
} 
